<?xml version="1.0" encoding="UTF-8"?><record xmlns="http://www.loc.gov/MARC21/slim" xmlns:cinclude="http://apache.org/cocoon/include/1.0" xmlns:zs="http://www.loc.gov/zing/srw/">
  <leader>00544cz  a2200169n  4500</leader>
  <controlfield tag="001">n  98020213 </controlfield>
  <controlfield tag="003">DLC</controlfield>
  <controlfield tag="005">20130316092838.0</controlfield>
  <controlfield tag="008">980303n| azannaab           |a aaa     c</controlfield>
  <datafield tag="010" ind1=" " ind2=" ">
    <subfield code="a">n  98020213 </subfield>
  </datafield>
  <datafield tag="040" ind1=" " ind2=" ">
    <subfield code="a">CU</subfield>
    <subfield code="b">eng</subfield>
    <subfield code="e">rda</subfield>
    <subfield code="c">CU</subfield>
    <subfield code="d">DLC</subfield>
  </datafield>
  <datafield tag="046" ind1=" " ind2=" ">
    <subfield code="k">1996</subfield>
  </datafield>
  <datafield tag="100" ind1="1" ind2=" ">
    <subfield code="a">Massolo, Arturo,</subfield>
    <subfield code="d">1909-1966.</subfield>
    <subfield code="t">Works.</subfield>
    <subfield code="k">Selections.</subfield>
    <subfield code="f">1996</subfield>
  </datafield>
  <datafield tag="381" ind1=" " ind2=" ">
    <subfield code="a">Selections</subfield>
  </datafield>
  <datafield tag="400" ind1="1" ind2=" ">
    <subfield code="a">Massola, Arturo,</subfield>
    <subfield code="d">1909-1966.</subfield>
    <subfield code="t">Della propedeutica filosofica.</subfield>
    <subfield code="f">1996.</subfield>
  </datafield>
  <datafield tag="400" ind1="1" ind2=" ">
    <subfield code="w">nnea</subfield>
    <subfield code="a">Massolo, Arturo,</subfield>
    <subfield code="d">1909-1966.</subfield>
    <subfield code="t">Selections.</subfield>
    <subfield code="f">1996</subfield>
  </datafield>
  <datafield tag="670" ind1=" " ind2=" ">
    <subfield code="a">Della propedeutica filosofica, c1996.</subfield>
  </datafield>
</record>